% This file was created with JabRef 2.10.
% Encoding: UTF-8


@Article{agostini_pof_14,
  Title                    = {{On the influence of outer large-scale structures on near-wall turbulence in channel flow}},
  Author                   = {Agostini, L. and Leschziner, M. A.},
  Journal                  = {Physics of Fluids},
  Year                     = {2014},
  Volume                   = {26},

  Owner                    = {ahsan},
  Timestamp                = {2015.12.07}
}

@Article{andren_brown_qjrm_94,
  Title                    = {{Large-Eddy Simulation of a Neutrally Stratified Boundary Layer: A Comparison of Four Computer Codes}},
  Author                   = {Andren, A. and Brown, A. R. and Graf, J. and Mason, P. J. and Moeng, C.H. and Nieuwstadt, F. T. M. and Schumann, U.},
  Journal                  = {Q. J. R. Meteorol. Soc.},
  Year                     = {1994},

  Owner                    = {ahsan},
  Timestamp                = {2015.10.01}
}

@Article{bagheri_jfm2013,
  Title                    = {Koopman-mode decomposition of the cylinder wake},
  Author                   = {Shervin Bagheri},
  Journal                  = {Journal of fluid mechanics},
  Year                     = {2013},
  Volume                   = {726},

  Owner                    = {ahsan},
  Timestamp                = {2017.07.18}
}

@Article{bailey_jfm_2016,
  Title                    = {The creation and evolution of coherent structures in plant canopy flows and their role inturbulent transport},
  Author                   = {Bailey, Brian N. and Stoll, R.},
  Journal                  = {Journal of Fluid Mechanics},
  Year                     = {2016},
  Pages                    = {425â€“460},
  Volume                   = {789},

  Doi                      = {10.1017/jfm.2015.749},
  Publisher                = {Cambridge University Press}
}

@Article{bailey_blm_2013,
  Title                    = {Turbulence in Sparse, Organized Vegetative Canopies: A Large-Eddy Simulation Study},
  Author                   = {Bailey, Brian N. and Stoll, Rob},
  Journal                  = {Boundary-Layer Meteorology},
  Year                     = {2013},
  Number                   = {3},
  Pages                    = {369--400},
  Volume                   = {147},

  Doi                      = {10.1007/s10546-012-9796-4}
}

@Article{bailey_ae_2014,
  Title                    = {Effect of vegetative canopy architecture on vertical transport of massless particles},
  Author                   = {Brian N. Bailey and Rob Stoll and Eric R. Pardyjak and Walter F. Mahaffee},
  Journal                  = {Atmospheric Environment },
  Year                     = {2014},
  Pages                    = {480 - 489},
  Volume                   = {95},

  Doi                      = {https://doi.org/10.1016/j.atmosenv.2014.06.058}
}

@Article{balakumar_adrian_ptrs_07,
  Title                    = {Large and very-large-sacle motions in channel and Boundary-layer flows},
  Author                   = {B. J. Balakumar and R. J. Adrian},
  Journal                  = {Philosophical Transactions of the Royal Society A},
  Year                     = {2007},

  Owner                    = {ahsan},
  Timestamp                = {2017.03.14}
}

@Article{baltzer_jfm_13,
  Title                    = {{Structural organization of large and very large scales in turbulent pipe flow simulation}},
  Author                   = {Baltzer, J. R. and Adrian, R. J. and Wu, Xiaohua},
  Journal                  = {Journal of Fluid Mechanics},
  Year                     = {2013},
  Volume                   = {720},

  Owner                    = {ahsan},
  Timestamp                = {2015.12.14}
}

@Manual{rice_wavelet_toolbox,
  Title                    = {The Rice Wavelet Toolbox},
  Author                   = {Richard Baraniuk and Hyeokho Choi and Ramesh Neelamani and Vinay Ribeiro and Justin Romberg and Haitao Guo and Felix Fernandes and Brent Hendricks and Ramesh Gopinath and Markus Lang and Jan Erik Odegard and Dong Wei and Josh Jackson},
  Year                     = {2014},

  Url                      = {http://github.com/ricedsp/rwt}
}

@Article{Bernardini2011,
  Title                    = {Inner/outer layer interactions in turbulent boundary layers: A refined measure for the large-scale amplitude modulation mechanism},
  Author                   = {Matteo Bernardini and Sergio Pirozzoli},
  Journal                  = {Physics of Fluids},
  Year                     = {2011},
  Number                   = {6},
  Pages                    = {061701},
  Volume                   = {23},

  Doi                      = {10.1063/1.3589345},
  Eprint                   = { 
 http://dx.doi.org/10.1063/1.3589345
 
},
  Owner                    = {ahsan},
  Timestamp                = {2017.06.07},
  Url                      = { 
 http://dx.doi.org/10.1063/1.3589345
 
}
}

@Article{bourouiba_straub_jfm11,
  Title                    = {{Non-local energy transfers in rotating turbulence at intermediate Rossby number}},
  Author                   = {Bourouiba, L. and Straub, D. N. and Waite, M. L.},
  Journal                  = {Journal of Fluid Mechanics},
  Year                     = {2011},
  Pages                    = {1--19},
  Volume                   = {690}
}

@Article{brasseur_pof_94,
  Title                    = {Interscale dynamics and local isotropy in high Reynolds number turbulence within triadic interactions},
  Author                   = {James G. Brasseur and Chao-Hsuan Wei},
  Journal                  = {Physics of fluids},
  Year                     = {1994},
  Number                   = {2},
  Volume                   = {6},

  Owner                    = {ahsan},
  Timestamp                = {2017.02.13}
}

@Book{book_burrus_gopi,
  Title                    = {Introduction to Wavelets and Wavelet Transformations A Primer},
  Author                   = {C. Sidney Burrus and Ramesh A. Gopinath and Haitao Guo},
  Publisher                = {Prentice-Hall Inc.},
  Year                     = {1998},
  Edition                  = {1st},

  Owner                    = {ahsan},
  Timestamp                = {2017.02.06}
}

@Article{carper_porteagel_jot_2004,
  Title                    = {The role of coherent structures in subfilter-scale dissipation of turbulence measured in the atmospheric surface layer},
  Author                   = {Matthew A Carper and Fernando Port{\'e}-Agel},
  Journal                  = {Journal of Turbulence},
  Year                     = {2004},
  Volume                   = {5},

  Owner                    = {ahsan},
  Timestamp                = {2017.07.06}
}

@Article{chung_jfm_10_large,
  Title                    = {{Large-eddy simulation of large-scale structures in long channel flow}},
  Author                   = {Chung, D and McKeon, B. J.},
  Journal                  = {Journal of Fluid Mechanics},
  Year                     = {2010},
  Volume                   = {661},

  Owner                    = {ahsan},
  Timestamp                = {2015.12.07}
}

@Article{cuxart_blm_2006,
  Title                    = {{Single-Column Model Intercomparison for a Stably Stratified Atmospheric Boundary Layer}},
  Author                   = {Cuxart, J. and A.A.M., Holtslag and Beare, R.J. and Bazile, E. and Beljaars, A. and Cheng, A. and Conangla, L. and Ek, M. and Freedman, F. and Hamdi, R. and Kerstein, A. and Kitagawa, H. and Lenderink, G. and Lewellen, D. and Mailhot, J. and Mauritsen, T. and Perov, V. and Schayes, G. and Steeneveld, G-J. and Svensson, G. and Taylor, P. and Weng, W. and Wunsch, S. and Xu, K-M.},
  Journal                  = {Bound.-Layer Meteor.},
  Year                     = {2006},
  Number                   = {2},
  Volume                   = {118},

  Owner                    = {ahsan},
  Timestamp                = {2015.11.04}
}

@Article{daubechies88,
  Title                    = {Orthonormal bases of compactly supported wavelets},
  Author                   = {Ingrid Daubechies},
  Journal                  = {Communications on Pure and Applied Mathematics},
  Year                     = {1988},
  Number                   = {7},
  Volume                   = {71},

  Owner                    = {ahsan},
  Timestamp                = {2017.02.10}
}

@Book{davidson_turb_book,
  Title                    = {Turbulence An Introduction for Scientists and Engineers},
  Author                   = {P. A. Davidson},
  Publisher                = {Oxford University Press},
  Year                     = {2004},

  Owner                    = {ahsan},
  Timestamp                = {2017.05.31}
}

@Book{book_comp_vision_davies,
  Title                    = {{Computer and machine vision : theory, algorithms, practicalities}},
  Author                   = {Davies, E. R.},
  Publisher                = {Elsevier/Academic Press},
  Year                     = {2012},

  Owner                    = {ahsan},
  Timestamp                = {2015.12.02}
}

@Article{delalamo_jimenez_jfm_2004,
  Title                    = {{Scaling of the energy spectra of turbulent channels}},
  Author                   = {{del {\'A}lamo}, J.~C. and {Jim{\'e}nez}, J. and {Zandonade}, P. and {Moser}, R.~D.},
  Journal                  = {Journal of Fluid Mechanics},
  Year                     = {2004},
  Pages                    = {135--144},
  Volume                   = {500},

  Doi                      = {10.1017/S002211200300733X},
  Owner                    = {ahsan},
  Timestamp                = {2016.04.25}
}

@Article{dennis_nickels_jfm2011,
  Title                    = {Experimental measurement of large-scale three-dimensional structures in a turbulent boundary layer. Part 2. Long structures},
  Author                   = {David J. C. Dennis and Timothy B. Nickels},
  Journal                  = {Journal of Fluid Mechanics},
  Year                     = {2011},
  Volume                   = {673},

  Owner                    = {ahsan},
  Timestamp                = {2017.03.16}
}

@Article{domaradzki_pof_1994,
  Title                    = {Energy transfer in numerically simulated wall-bounded turbulent flows},
  Author                   = {J. Andrzej Domaradzki and Wei LiuCarlos H{\"a}rtel and Leonard Kleiser},
  Journal                  = {Physics of Fluids},
  Year                     = {1994},
  Number                   = {4},
  Volume                   = {6},

  Doi                      = {10.1063/1.868272},
  Owner                    = {ahsan},
  Timestamp                = {2017.02.13}
}

@Article{dunn_cf2005,
  Title                    = {Analysis of the energy budget in turbulent channel flow using orthogonal wavelets},
  Author                   = {David C. Dunn and Jonathan F. Morrison},
  Journal                  = {Computers \& Fluids},
  Year                     = {2005},
  Number                   = {2},
  Pages                    = {199 - 224},
  Volume                   = {34},

  __markedentry            = {[ahsan:]},
  Doi                      = {http://dx.doi.org/10.1016/j.compfluid.2004.04.003},
  ISSN                     = {0045-7930},
  Owner                    = {ahsan},
  Timestamp                = {2017.07.13},
  Url                      = {http://www.sciencedirect.com/science/article/pii/S0045793004000787}
}

@Article{dunn_jfm_2003,
  Title                    = {Anisotropy and energy flux in wall turbulence},
  Author                   = {DUNN, D. C. and MORRISON, J. F.},
  Journal                  = {Journal of Fluid Mechanics},
  Year                     = {2003},
  Pages                    = {353â€“378},
  Volume                   = {491},
  Doi                      = {10.1017/S0022112003005548},
  Owner                    = {ahsan},
  Publisher                = {Cambridge University Press},
  Timestamp                = {2017.07.13}
}

@Conference{eitel-amor_jp2014,
  Title                    = {Hairpin vortices in turbulent boundary layers},
  Author                   = {G Eitel-Amor and O Flores and and P Schlatter},
  Booktitle                = {Journal of Physics: Conference Series},
  Year                     = {2014},
  Volume                   = {506},

  Owner                    = {ahsan},
  Timestamp                = {2017.06.22}
}

@Article{esau_jot_2002,
  Title                    = {{The Coriolis effect on the coherent structures in the planetary boundary layers}},
  Author                   = {Esau, Igor N},
  Journal                  = {Journal of Turbulence},
  Year                     = {2003},
  Volume                   = {4},

  Owner                    = {ahsan},
  Timestamp                = {2015.07.09}
}

@Article{fang2015blm,
  Title                    = {{Large-Eddy Simulation of Very Large-Scale Motions in the neutrally Stratified Atmospheric Boundary Layer}},
  Author                   = {Fang, Jiannong and {Port{\'e}-Agel}, Fernando},
  Journal                  = {Bound.-Layer Meteorology},
  Year                     = {2015},
  Pages                    = {397--416},
  Volume                   = {155},

  Owner                    = {ahsan},
  Timestamp                = {2015.06.02}
}

@Article{farge_schneider_pof99,
  Title                    = {{Non-Gaussianity and coherent vortex Simulation for two dimensional turbulence using an adaptive orthogonal wavelet basis}},
  Author                   = {Farge, Marie and Schneider, Kai and Kevlahan, Nicholas},
  Journal                  = {Physics of fluids},
  Year                     = {1999},
  Volume                   = {11},

  Owner                    = {ahsan},
  Timestamp                = {2015.07.14}
}

@Article{Fiedler_PAeroSci_1988,
  Title                    = {{Coherent structures in turbulent flows}},
  Author                   = {Fiedler, H.E.},
  Journal                  = {Progress in Aerospace Sciences},
  Year                     = {1988},
  Number                   = {3},
  Volume                   = {25},

  Owner                    = {ahsan},
  Timestamp                = {2015.12.03}
}

@Article{ganapathi_jfm_2012_modulation,
  Title                    = {{Amplitude and frequency modulation in wall turbulence}},
  Author                   = {Ganapathisubramani, B. and Hutchins, N. and Monty, J. P. and Chung, D. and Marusic, I.},
  Journal                  = {Journal of Fluid Mechanics},
  Year                     = {2012},
  Volume                   = {712},

  Owner                    = {ahsan},
  Timestamp                = {2015.12.07}
}

@Article{ganapathi_marusic_Jfm2003,
  Title                    = {{Characteristics of vortex packets in turbulent boundary layers}},
  Author                   = {Ganapathisubramani, Bharathram and Longmire, Ellen K. and Marusic, Ivan},
  Journal                  = {Journal of Fluid Mechanics},
  Year                     = {2003},
  Pages                    = {35--46},
  Volume                   = {478},

  Owner                    = {ahsan},
  Timestamp                = {2015.06.04}
}

@Book{book-garrat-blm,
  Title                    = {{The atmospheric boundary layer}},
  Author                   = {Garrat, J. R.},
  Publisher                = {Cambridge University Press},
  Year                     = {1992},

  Owner                    = {ahsan},
  Timestamp                = {2015.09.30}
}

@Book{dim_gonzalez,
  Title                    = {Digital Image Processing},
  Author                   = {Gonzalez, Rafael C. and Woods, Richard E.},
  Publisher                = {Prentice-Hall Inc.},
  Year                     = {2008},
  Edition                  = {3rd},

  Owner                    = {ahsan},
  Timestamp                = {2015.10.14}
}

@InBook{grotzbach_87,
  Title                    = {{Direct numerical and large eddy simulations of turbulent channel flows}},
  Author                   = {{Gr{\"o}tzbach}, G.},
  Pages                    = {1337--1391},
  Publisher                = {Gulf Publishing},
  Year                     = {1987},

  Owner                    = {ahsan},
  Timestamp                = {2015.07.10}
}

@Article{guala_adrian_jfm2006,
  Title                    = {{Large-scale and Very-large-sacle motions in turbulent pipe flow}},
  Author                   = {Guala, M and Hommema, S. E. and Adrian, R. J.},
  Journal                  = {Journal of Fluid Mechanics},
  Year                     = {2006},
  Pages                    = {521--542},
  Volume                   = {554},

  Owner                    = {ahsan},
  Timestamp                = {2015.06.04}
}

@Article{hill_jfm2002,
  Title                    = {Exact second-order structure-function relationships},
  Author                   = {Reginald J. Hill},
  Journal                  = {Journal of Fluid Mechanics},
  Year                     = {2002},
  Pages                    = {317-326},
  Volume                   = {468},

  Owner                    = {ahsan},
  Timestamp                = {2017.02.28}
}

@Article{hong_katz_meneveau_jfm12,
  Title                    = {Coherent structures and associated subgrid-scale energy transfer in a rough-wall turbulent channel flow},
  Author                   = {Jiarong Hong and Joseph Katz and Charles Meneveau and Michael P. Schultz},
  Journal                  = {Journal of fluid mechanics},
  Year                     = {2012},
  Pages                    = {92-128},
  Volume                   = {712},

  Owner                    = {ahsan},
  Timestamp                = {2017.02.21}
}

@Article{hussain_1986_jfm,
  Title                    = {{Coherent structures and turbulence}},
  Author                   = {Hussain, A. K. M. Fazle},
  Journal                  = {Journal of Fluid Mechanics},
  Year                     = {1986},
  Volume                   = {173},

  Owner                    = {ahsan},
  Timestamp                = {2015.12.03}
}

@Article{hussain_1983_csreality,
  Title                    = {Coherent Structures-reality and myth},
  Author                   = {A. K. M. F. Hussain},
  Journal                  = {The Physics of Fluids},
  Year                     = {1983},
  Volume                   = {26},

  Owner                    = {ahsan},
  Timestamp                = {2017.06.28}
}

@Article{hutchins_marusic_jfm2007,
  Title                    = {{Evidence of Very Long Meandering Features in the Logarirthmic Region of Turbulent Boundary Layers}},
  Author                   = {Hutchins, N. and Marusic, Ivan},
  Journal                  = {Journal of Fluid Mechanics},
  Year                     = {2007},
  Pages                    = {1--28},
  Volume                   = {579},

  Owner                    = {ahsan},
  Timestamp                = {2015.06.04}
}

@Article{kerherv_roux_etfs_2017,
  Title                    = {Combining time-resolved multi-point and spatially-resolved measurements for the recovering of very-large-scale motions in high Reynolds number turbulent boundary layer},
  Author                   = {F. Kerherv{\'e} and S. Roux and R. Mathis},
  Journal                  = {Experimental Thermal and Fluid Science},
  Year                     = {2017}
}

@Article{kim_adrian_pof99,
  Title                    = {{Very large-scale motion in the outer layer}},
  Author                   = {Kim, K. C. and Adrian, R. J.},
  Journal                  = {Physics of fluids},
  Year                     = {1999},
  Pages                    = {417--422},
  Volume                   = {11},

  Doi                      = {10.1063/1.869889},
  Owner                    = {ahsan},
  Timestamp                = {2015.06.10}
}

@Book{landahl_christensen_book_92,
  Title                    = {Turbulence and random processes in fluid mechanics},
  Author                   = {M. T. Landahl and E. Mollo-Christensen},
  Publisher                = {Cambridge University Press},
  Year                     = {1992},
  Edition                  = {2nd},

  Owner                    = {ahsan},
  Timestamp                = {2017.03.06}
}

@Article{lee_sung_jfm_14,
  Title                    = {{Spatial organization of large- and very-large-scale motions in a turbulent channel flow}},
  Author                   = {Lee, Jin and Lee, Jae Hwa and Choi, Jung-II and Sung, Hyung Jin},
  Journal                  = {Journal of Fluid Mechanics},
  Year                     = {2014},
  Pages                    = {818--840},
  Volume                   = {749},

  Owner                    = {ahsan},
  Timestamp                = {2015.06.09}
}

@Article{Lee_sung_jfm11,
  Title                    = {{Very-large-sacle motions in a turbulent boundary layer}},
  Author                   = {Lee, Jae Hwa and Sung, Hyung Jin},
  Journal                  = {Journal of Fluid Mechanics},
  Year                     = {2011},
  Pages                    = {80--120},
  Volume                   = {673},

  Owner                    = {ahsan},
  Timestamp                = {2015.06.02}
}

@Article{leonard1975,
  Title                    = {Energy Cascade in Large-Eddy Simulations of Turbulent Fluid Flows},
  Author                   = {A. Leonard},
  Journal                  = {Advances in Geophysics},
  Year                     = {1975},
  Note                     = {Turbulent Diffusion in Environmental Pollution},
  Pages                    = {237 - 248},
  Volume                   = {18},

  Doi                      = {http://dx.doi.org/10.1016/S0065-2687(08)60464-1},
  ISSN                     = {0065-2687},
  Owner                    = {ahsan},
  Timestamp                = {2017.07.13},
  Url                      = {http://www.sciencedirect.com/science/article/pii/S0065268708604641}
}

@Article{lewalle_flowTurbCom_00,
  Title                    = {{Decomposition of Mixing Layer Turbulence into Coherent Structures and Background Fluctuations}},
  Author                   = {Lewalle, Jacques and Delville, Jo{\"e}l and Bonnet, Jean-Paul},
  Journal                  = {Flow, Turbulence and Combustion},
  Year                     = {2000},
  Volume                   = {64},

  Owner                    = {ahsan},
  Timestamp                = {2015.12.03}
}

@Article{liu_ExpF_2015,
  Title                    = {Dynamic mode decomposition of separated flow over a finite blunt plate: time-resolved particle image velocimetry measurements},
  Author                   = {Liu, Yingzheng and Zhang, Qingshan},
  Journal                  = {Experiments in Fluids},
  Year                     = {2015},
  Number                   = {7},
  Pages                    = {148},
  Volume                   = {56},

  __markedentry            = {[ahsan:6]},
  Owner                    = {ahsan},
  Publisher                = {Springer},
  Timestamp                = {2017.07.18}
}

@Article{mallat_ieee_1989a,
  Title                    = {{A theory of multiresolution signal decomposition: The wavelet representation}},
  Author                   = {Mallat, Stephen G.},
  Journal                  = {IEEE Transactions on Pattern Analysis and Machine Intelligence},
  Year                     = {1989},

  Owner                    = {ahsan},
  Timestamp                = {2015.10.14}
}

@Article{masfield_jcomPhy_98,
  Title                    = {{A Dynamic LES Scheme for the Vorticity Transport Equation: Formulation and a Priori Tests}},
  Author                   = {Mansfield, John R. and Kino, Omar M. and Meneveau, Charles},
  Journal                  = {Journal of Computational Physics},
  Year                     = {1998},
  Pages                    = {693--730},
  Volume                   = {145},

  Owner                    = {ahsan},
  Timestamp                = {2015.10.16}
}

@Article{marati_jfm_2004,
  Title                    = {Energy cascade and spatial fluxes in wall turbulence},
  Author                   = {N. Marati and C. M. Casciola and R. Piva},
  Journal                  = {Journal of Fluid Mechanics},
  Year                     = {2004},
  Pages                    = {191-215},
  Volume                   = {521},

  Owner                    = {ahsan},
  Timestamp                = {2017.02.28}
}

@Article{MATHIS2009,
  Title                    = {Large-scale amplitude modulation of the small-scale structures in turbulent boundary layers},
  Author                   = {Mathis, Romain and Hutchins, Nicholas and Marusic, Ivan},
  Journal                  = {Journal of Fluid Mechanics},
  Year                     = {2009},
  Pages                    = {311â€“337},
  Volume                   = {628},

  Doi                      = {10.1017/S0022112009006946},
  Owner                    = {ahsan},
  Publisher                = {Cambridge University Press},
  Timestamp                = {2017.06.07}
}

@Article{meneveau_91jfm,
  Title                    = {{Analysis of turbulence in the orthonormal wavelet representation}},
  Author                   = {Meneveau, Charles},
  Journal                  = {Journal of Fluid Mechanics},
  Year                     = {1991},
  Pages                    = {469--520},
  Volume                   = {232},

  Owner                    = {ahsan}
}

@Article{miller_blm_2013,
  Title                    = {Surface Heterogeneity Effects on Regional-Scale Fluxes in the Stable Boundary Layer: Aerodynamic Roughness Length Transitions},
  Author                   = {Miller, Nathan E. and Stoll, Rob},
  Journal                  = {Boundary-Layer Meteorology},
  Year                     = {2013},
  Number                   = {2},
  Pages                    = {277--301},
  Volume                   = {149},

  Doi                      = {10.1007/s10546-013-9839-5}
}

@Article{monin1954basic,
  Title                    = {{Basic laws of turbulent mixing in the surface layer of the atmosphere}},
  Author                   = {Monin, A.S. and Obukhov, A.M.},
  Journal                  = {Contrib. Geophys. Inst. Acad. Sci. USSR},
  Year                     = {1954},
  Pages                    = {163--187},
  Volume                   = {151},

  Owner                    = {ahsan},
  Timestamp                = {2015.07.10}
}

@Article{monty_jfm_07,
  Title                    = {{Large-scale features in turbulent pipe and channel flows}},
  Author                   = {Monty, J. P. and Stewart, J. A. and Williams, R. C. and Chong, M. S.},
  Journal                  = {Journal of Fluid Mechanics},
  Year                     = {2007},
  Volume                   = {589},

  Owner                    = {ahsan},
  Timestamp                = {2015.12.07}
}

@Article{perry_chng_jfm_86,
  Title                    = {A theoretical and experimental study of wall turbulence},
  Author                   = {A. E. Perry and S. Henbest and M. S. Chong},
  Journal                  = {Journal of Fluid Mechanics},
  Year                     = {1986},
  Pages                    = {163-199},
  Volume                   = {165},

  Owner                    = {ahsan},
  Timestamp                = {2017.07.06}
}

@Article{piomelli_yu_pof_96,
  Title                    = {Subgrid-scale energy transfer and near-wall turbulence Structure},
  Author                   = {Ugo Piomelli and Yunfang Yu},
  Journal                  = {Physics of fluids},
  Year                     = {1996},
  Number                   = {1},
  Pages                    = {215-224},
  Volume                   = {8},

  Owner                    = {ahsan},
  Timestamp                = {2017.02.21}
}

@Book{book_intro_dimg_proc_pratt,
  Title                    = {{Introduction to digital image processing}},
  Author                   = {Pratt, William K.},
  Publisher                = {CRC Press, Taylor \& Francis Group},
  Year                     = {2014},

  Owner                    = {ahsan},
  Timestamp                = {2015.12.02}
}

@Article{roussel_jot_2005,
  Title                    = {{Coherent vortex extraction in 3D homogeneous turbulence: comparison between orthogonal and biorthogonal wavelet decompositions}},
  Author                   = {Roussel, O. and Schneider, K. SchK. and Farge, M.},
  Journal                  = {Journal of Turbulence},
  Year                     = {2005},
  Number                   = {11},
  Volume                   = {6},

  Owner                    = {ahsan},
  Timestamp                = {2015.07.14}
}

@Article{Schumann_jcp_75,
  Title                    = {{Subgrid scale model for finite difference simulations of turbulent flows in plane channels and annuli}},
  Author                   = {Schumann, U.},
  Journal                  = {Journal of Computational Physics},
  Year                     = {1975},
  Number                   = {4},
  Pages                    = {376--404},
  Volume                   = {18},

  Doi                      = {10.1016/0021-9991(75)90093-5},
  Owner                    = {ahsan},
  Timestamp                = {2015.07.10}
}

@Article{stoll_blm_2008,
  Title                    = {Large-eddy simulation of the stable atmospheric boundary layer using dynamic models with different averaging schemes},
  Author                   = {Stoll, Rob and Port{\'e}-Agel, Fernando},
  Journal                  = {Boundary-Layer Meteorology},
  Year                     = {2008},
  Number                   = {1},
  Pages                    = {1--28},
  Volume                   = {126},

  Publisher                = {Springer Netherlands}
}

@Article{stoll_blm_2006,
  Title                    = {{Effect of Roughness on surface boundary conditions for large-eddy simulation}},
  Author                   = {Stoll, Rob and {Port{\'e}-Agel}, Fernando},
  Journal                  = {Boundary-Layer Meteorology},
  Year                     = {2006},
  Pages                    = {169--187},
  Volume                   = {118},

  Owner                    = {ahsan},
  Timestamp                = {2015.07.10}
}

@Article{stoll_wrr_2006,
  Title                    = {{Dynamic subgrid-scale models for momentum and scalar fluxes in large-eddy ssimulation of neutrally startified atmospheric boundary layers over heterogeneous terrain}},
  Author                   = {Stoll, Rob and {Port{\'e}-Agel}, Fernando},
  Journal                  = {Water Resources Research},
  Year                     = {2006},
  Number                   = {1},
  Volume                   = {42},

  Owner                    = {ahsan},
  Timestamp                = {2015.07.09}
}

@Article{stoll_jas_2009,
  Title                    = {Surface Heterogeneity Effects on Regional-Scale Fluxes in Stable Boundary Layers: Surface Temperature Transitions},
  Author                   = {Rob Stoll and Fernando PortÃ©-Agel},
  Journal                  = {Journal of the Atmospheric Sciences},
  Year                     = {2009},
  Number                   = {2},
  Pages                    = {412-431},
  Volume                   = {66},

  Doi                      = {10.1175/2008JAS2668.1}
}

@Article{talluru_jfm_14_modulation,
  Title                    = {{Amplitude modulation of all three velocity components in turbulent boundary layers}},
  Author                   = {Talluru, K. M. and Baidya, R. and Hutchins, N. and Marusic, I.},
  Journal                  = {Journal of Fluid Mechanics},
  Year                     = {2014},
  Volume                   = {746},

  Owner                    = {ahsan},
  Timestamp                = {2015.12.07}
}

@Article{traumner_blm_2015,
  Title                    = {{Turbulent structures and coherence in the atmospheric surface layer}},
  Author                   = {{Tra{\"a}umner}, K. and Damian, Th. and Stawiarski, Ch. and Wieser, A.},
  Journal                  = {Bound.-Layer Meteorology},
  Year                     = {2015},

  Owner                    = {ahsan},
  Timestamp                = {2015.10.09}
}

@comment{jabref-meta: databaseType:bibtex;}

